<?xml version="1.0" encoding="UTF-8"?><collection xmlns="http://www.loc.gov/MARC21/slim"><record><leader>00357nam--2200145-i-4500</leader><controlfield tag="001">000004029</controlfield><controlfield tag="002">20161230</controlfield><controlfield tag="005">20170304144616</controlfield><controlfield tag="008">060222s1000------------r-----000-0-eng-d</controlfield><datafield ind1=" " ind2=" " tag="100"><subfield code="a">Dumitru, D</subfield></datafield><datafield ind1=" " ind2=" " tag="245"><subfield code="a">Arcuri</subfield></datafield><datafield ind1=" " ind2=" " tag="260"><subfield code="a">Bucuresti</subfield><subfield code="b">Ed.Tehnica</subfield><subfield code="c">1958</subfield></datafield><datafield ind1=" " ind2=" " tag="300"><subfield code="a">268 p.+erata</subfield></datafield><datafield ind1=" " ind2=" " tag="700"><subfield code="a">Boiangiu, Cost. Constantinescu</subfield></datafield><datafield ind1=" " ind2=" " tag="CAT"><subfield code="a">SYS</subfield><subfield code="c">20170304</subfield><subfield code="h">144616</subfield></datafield></record></collection>